<?xml version="1.0" encoding="UTF-8"?><collection xmlns="http://www.loc.gov/MARC21/slim"><record><leader>00388nam--2200133-i-4500</leader><controlfield tag="001">000036633</controlfield><controlfield tag="002">20161230</controlfield><controlfield tag="005">20161230201041</controlfield><controlfield tag="008">060222s1000------------r-----000-0-eng-d</controlfield><datafield ind1=" " ind2=" " tag="080"><subfield code="a">621.36</subfield></datafield><datafield ind1=" " ind2=" " tag="100"><subfield code="a">Popa,Bazil, Man,Eugeniu Si Popa,Marcel</subfield></datafield><datafield ind1=" " ind2=" " tag="245"><subfield code="a">Termotehnica, agregate si instalatii termice. culegere de probleme</subfield></datafield><datafield ind1=" " ind2=" " tag="260"><subfield code="a">Bucuresti, Ed.Tehnica, 1979. 422p. 422p</subfield></datafield><datafield ind1=" " ind2=" " tag="852"><subfield code="a">46166</subfield></datafield></record></collection>